@InProceedings{Todorov2006,
  author     = {Todorov, Emanuel},
  booktitle  = {Advances in Neural Information Processing Systems},
  title      = {Linearly-solvable Markov decision problems},
  year       = {2006},
  editor     = {B. Sch\"{o}lkopf and J. Platt and T. Hoffman},
  publisher  = {MIT Press},
  volume     = {19},
  file       = {:Todorov2006 - Linearly Solvable Markov Decision Problems.pdf:PDF},
  groups     = {Entropy-regularized MDPs},
  readstatus = {read},
  url        = {https://proceedings.neurips.cc/paper/2006/file/d806ca13ca3449af72a1ea5aedbed26a-Paper.pdf},
}


@InProceedings{Parr1997,
  author    = {Parr, Ronald and Russell, Stuart},
  booktitle = {Advances in {Neural} {Information} {Processing} {Systems}},
  title     = {Reinforcement {Learning} with {Hierarchies} of {Machines}},
  year      = {1997},
  publisher = {MIT Press},
  volume    = {10},
  file      = {:Parr1997 - Reinforcement Learning with Hierarchies of Machines.pdf:PDF},
  groups    = {Hierarchical RL},
  url       = {https://proceedings.neurips.cc/paper/1997/hash/5ca3e9b122f61f8f06494c97b1afccf3-Abstract.html},
  urldate   = {2023-03-27},
}

@Article{Dietterich2000,
  author    = {Dietterich, T. G.},
  journal   = {Journal of Artificial Intelligence Research},
  title     = {Hierarchical {Reinforcement} {Learning} with the {MAXQ} {Value} {Function} {Decomposition}},
  year      = {2000},
  issn      = {1076-9757},
  month     = nov,
  pages     = {227--303},
  volume    = {13},
  copyright = {Copyright (c)},
  doi       = {10.1613/jair.639},
  file      = {:Dietterich2000 - Hierarchical Reinforcement Learning with the MAXQ Value Function Decomposition.pdf:PDF},
  language  = {en},
  url       = {https://www.jair.org/index.php/jair/article/view/10266},
  urldate   = {2023-05-08},
}

@Article{Sutton1999,
  author     = {Richard S. Sutton and Doina Precup and Satinder Singh},
  journal    = {Artif. Intell.},
  title      = {Between MDPs and Semi-MDPs: {A} Framework for Temporal Abstraction in Reinforcement Learning},
  year       = {1999},
  number     = {1-2},
  pages      = {181--211},
  volume     = {112},
  bibsource  = {dblp computer science bibliography, https://dblp.org},
  biburl     = {https://dblp.org/rec/journals/ai/SuttonPS99.bib},
  doi        = {10.1016/S0004-3702(99)00052-1},
  file       = {:Sutton1999 - Between MDPs and Semi MDPs_ a Framework for Temporal Abstraction in Reinforcement Learning.pdf:PDF},
  groups     = {Hierarchical RL},
  readstatus = {read},
  timestamp  = {Tue, 19 Apr 2022 16:03:28 +0200},
}